@online{Swarm,
	author = {Viktor Tr√≥n},
	title = {What is swarm?},
	year = {2015},
	url = {https://github.com/ethersphere/swarm/blob/ac8b54726551d7a590f85d6d377dbcac3ae26794/README.md},
	urldate = {2018-03-16}
}

@online{Whisper,
	author = {Various Authors},
	title = {Ethereum Wiki: Whisper},
	url = {https://github.com/ethereum/wiki/wiki/Whisper},
	urldate = {2018-03-16}
}

@online{Ethereum,
	author = {Various Authors},
	title = {Ethereum Homestead Documentation: What is Ethereum?},
	url = {http://ethdocs.org/en/latest/introduction/what-is-ethereum.html},
	urldate = {2018-03-16}
}

@misc{Bitcoin,
	author = {Satoshi Nakamoto},
	title = {Bitcoin: A Peer-to-Peer Electronic Cash System},
	year = {2009},
	url = {https://bitcoin.org/bitcoin.pdf},
	urldate = {2018-03-16}
}

@online{DLL,
	author = {Stack Exchange User \enquote{o0ragman0o}},
	title = {Can we get all elements stored in a mapping in the contract},
	year = {2017},
	url = {https://ethereum.stackexchange.com/a/15341},
	urlDate = {2018-04-20}
}

@online{TaxicoinGitHub,
	author = {Scott Street},
	title = {Taxicoin on GitHub},
	year = {2018},
	url = {https://github.com/sprusr/taxicoin},
	urlDate = {2018-04-21}
}

@online{Web3Endorsement,
	author = {Various Authors},
	title = {Ethereum Homestead Documentation: Dapps},
	url = {http://www.ethdocs.org/en/latest/contracts-and-transactions/developer-tools.html#developer-tools},
	urlDate = {2018-04-27}
}

@online{WhisperGethWiki,
	author = {Various Authors},
	title = {Go-Ethereum Wiki: Whisper Overview},
	url = {https://github.com/ethereum/go-ethereum/wiki/Whisper-Overview},
	urlDate = {2018-04-27}
}

@misc{IPFS,
	author = {Juan Benet},
	title = {IPFS - Content Addressed, Versioned, P2P File System},
	url = {https://github.com/ipfs/papers/raw/master/ipfs-cap2pfs/ipfs-p2p-file-system.pdf},
	urlDate = {2018-04-27},
	year = {2014}
}

@misc{Status.im,
	url = {https://status.im/whitepaper.pdf},
	urlDate = {2018-04-27},
	year = {2017},
	author = {Various Authors},
	title = {The Status Network: A strategy towards mass adoption of Ethereum}
}

@online{Solidity,
	url = {http://solidity.readthedocs.io/en/latest/},
	urlDate = {2018-04-27},
	title = {Solidity Documentation},
	author = {Various Authors}
}

@online{VueWebpack,
	url = {https://github.com/vuejs-templates/webpack},
	urlDate = {2018-04-27},
	title = {\lstinline{vue-webpack-boilerplate}},
	author = {Various Authors}
}

@online{Truffle,
	url = {http://truffleframework.com/},
	urlDate = {2018-04-27},
	title = {Truffle Framework},
	author = {ConsenSys}
}

@online{NEO,
	url = {https://neo.org/},
	urlDate = {2018-04-27},
	title = {NEO Smart Economy},
	author = {NEO Team}
}

@online{Web3,
	url = {https://github.com/ethereum/web3.js/},
	urlDate = {2018-04-27},
	title = {Ethereum JavaScript API},
	author = {Various Authors}
}

@online{Ganache,
	url = {http://truffleframework.com/ganache/},
	urlDate = {2018-04-27},
	title = {Ganache | Truffle Suite},
	author = {Various Authors}
}

@online{Mocha,
	url = {https://mochajs.org/},
	urlDate = {2018-04-27},
	title = {Mocha - the fun, simple, flexible JavaScript test framework},
	author = {Various Authors}
}

@online{Chai,
	url = {http://chaijs.com/},
	urlDate = {2018-04-27},
	title = {Chai Assertion Library},
	author = {Various Authors}
}

@online{Karma,
	url = {http://karma-runner.github.io/2.0/index.html},
	urlDate = {2018-04-27},
	title = {Karma - Spectacular Test Runner for JavaScript},
	author = {Various Authors}
}

@online{TaxicoinGo,
	url = {https://github.com/taxiproto/taxicoin-go},
	urlDate = {2018-04-27},
	title = {\lstinline{taxicoin-go}},
	author = {Pandelis Zembashis}
}

@online{TaxicoinGo,
	url = {https://infura.io/},
	urlDate = {2018-04-27},
	title = {Infura - Scalable Blockchain Infrastructure},
	author = {ConsenSys}
}
